 @article{Fu_Kumar_Nachum_Tucker_Levine_2021, title={D4RL: Datasets for Deep Data-Driven Reinforcement Learning}, note={arXiv:2004.07219 [cs, stat]}, number={arXiv:2004.07219}, publisher={arXiv}, author={Fu, Justin and Kumar, Aviral and Nachum, Ofir and Tucker, George and Levine, Sergey}, year={2021} }
 @article{Haarnoja_Zhou_Abbeel_Levine_2018, title={Soft Actor-Critic: Off-Policy Maximum Entropy Deep Reinforcement Learning with a Stochastic Actor}, DOI={10.48550/arXiv.1801.01290}, note={arXiv:1801.01290 [cs, stat]}, number={arXiv:1801.01290}, publisher={arXiv}, author={Haarnoja, Tuomas and Zhou, Aurick and Abbeel, Pieter and Levine, Sergey}, year={2018} }
 @inproceedings{Kostrikov_Fergus_Tompson_Nachum_2021, title={Offline Reinforcement Learning with Fisher Divergence Critic Regularization}, ISSN={2640-3498}, booktitle={Proceedings of the 38th International Conference on Machine Learning}, publisher={PMLR}, author={Kostrikov, Ilya and Fergus, Rob and Tompson, Jonathan and Nachum, Ofir}, year={2021}, pages={5774â€“5783} }
 @article{Wu_Tucker_Nachum_2019, title={Behavior Regularized Offline Reinforcement Learning}, note={arXiv:1911.11361 [cs, stat]}, number={arXiv:1911.11361}, publisher={arXiv}, author={Wu, Yifan and Tucker, George and Nachum, Ofir}, year={2019} }
